<record><leader>00000cas a22000007a 4500</leader><controlfield tag="001">52089643</controlfield><controlfield tag="008">030418c20039999mouwr n       0   a0eng c</controlfield><datafield ind1=" " ind2=" " tag="010"><subfield code="a">  2003213888</subfield></datafield><datafield ind1=" " ind2=" " tag="040"><subfield code="a">NSD</subfield><subfield code="b">eng</subfield><subfield code="c">NSD</subfield><subfield code="d">OCLCQ</subfield></datafield><datafield ind1=" " ind2=" " tag="012"><subfield code="m">0</subfield></datafield><datafield ind1="1" ind2=" " tag="022"><subfield code="a">1544-4864</subfield><subfield code="l">1544-4864</subfield><subfield code="2">1</subfield></datafield><datafield ind1=" " ind2=" " tag="042"><subfield code="a">nsdp</subfield><subfield code="a">pcc</subfield></datafield><datafield ind1="1" ind2="0" tag="050"><subfield code="a">ISSN RECORD</subfield></datafield><datafield ind1="0" ind2=" " tag="130"><subfield code="a">Weekly news (Chillicothe, Mo.)</subfield></datafield><datafield ind1=" " ind2="4" tag="222"><subfield code="a">The weekly news</subfield><subfield code="b">(Chillicothe, Mo.)</subfield></datafield><datafield ind1="1" ind2="4" tag="245"><subfield code="a">The weekly news.</subfield></datafield><datafield ind1=" " ind2=" " tag="260"><subfield code="a">Chillicothe, Mo. :</subfield><subfield code="b">C. Haney</subfield></datafield><datafield ind1=" " ind2=" " tag="300"><subfield code="a">v.</subfield></datafield><datafield ind1=" " ind2=" " tag="310"><subfield code="a">Weekly</subfield></datafield><datafield ind1="1" ind2=" " tag="362"><subfield code="a">Began in 2003.</subfield></datafield><datafield ind1=" " ind2=" " tag="588"><subfield code="a">Description based on surrogate of: Vol. 1, issue 5 (Apr. 3, 2003).</subfield></datafield><datafield ind1=" " ind2=" " tag="752"><subfield code="a">United States</subfield><subfield code="b">Missouri</subfield><subfield code="c">Livingston</subfield><subfield code="d">Chillicothe.</subfield></datafield><datafield ind1="1" ind2=" " tag="029"><subfield code="a">AU@</subfield><subfield code="b">000024596713</subfield></datafield></record>